@article{10.1093/mnras/stz2731,
    author = {Li, T S and Koposov, S E and Zucker, D B and Lewis, G F and Kuehn, K and Simpson, J D and Ji, A P and Shipp, N and Mao, Y-Y and Geha, M and Pace, A B and Mackey, A D and Allam, S and Tucker, D L and Da Costa, G S and Erkal, D and Simon, J D and Mould, J R and Martell, S L and Wan, Z and De Silva, G M and Bechtol, K and Balbinot, E and Belokurov, V and Bland-Hawthorn, J and Casey, A R and Cullinane, L and Drlica-Wagner, A and Sharma, S and Vivas, A K and Wechsler, R H and Yanny, B and (S5 Collaboration)},
    title = "{The southern stellar stream spectroscopic survey (S5): Overview, target selection, data reduction, validation, and early science}",
    journal = {Monthly Notices of the Royal Astronomical Society},
    volume = {490},
    number = {3},
    pages = {3508-3531},
    year = {2019},
    month = {10},
    abstract = "{We introduce the southern stellar stream spectroscopy survey (S5), an on-going program to map the kinematics and chemistry of stellar streams in the southern hemisphere. The initial focus of S5 has been spectroscopic observations of recently identified streams within the footprint of the dark energy survey (DES), with the eventual goal of surveying streams across the entire southern sky. Stellar streams are composed of material that has been tidally striped from dwarf galaxies and globular clusters and hence are excellent dynamical probes of the gravitational potential of the Milky Way, as well as providing a detailed snapshot of its accretion history. Observing with the 3.9 m Anglo-Australian Telescope’s 2-degree-Field fibre positioner and AAOmega spectrograph, and combining the precise photometry of DES DR1 with the superb proper motions from Gaia DR2, allows us to conduct an efficient spectroscopic survey to map these stellar streams. So far S5 has mapped nine DES streams and three streams outside of DES; the former are the first spectroscopic observations of these recently discovered streams. In addition to the stream survey, we use spare fibres to undertake a Milky Way halo survey and a low-redshift galaxy survey. This paper presents an overview of the S5 program, describing the scientific motivation for the survey, target selection, observation strategy, data reduction, and survey validation. Finally, we describe early science results on stellar streams and Milky Way halo stars drawn from the survey. Updates on S5, including future public data releases, can be found at http://s5collab.github.io.}",
    issn = {0035-8711},
    doi = {10.1093/mnras/stz2731},
    url = {https://doi.org/10.1093/mnras/stz2731},
    eprint = {https://academic.oup.com/mnras/article-pdf/490/3/3508/30338172/stz2731.pdf},
}

@article{ refId0,
	author = {{Gaia Collaboration} and {Brown, A. G. A.} and {Vallenari, A.} and {Prusti, T.} and {de Bruijne, J. H. J.} and {Babusiaux, C.} and {Bailer-Jones, C. A. L.} and {Biermann, M.} and {Evans, D. W.} and {Eyer, L.} and {Jansen, F.} and {Jordi, C.} and {Klioner, S. A.} and {Lammers, U.} and {Lindegren, L.} and {Luri, X.} and {Mignard, F.} and {Panem, C.} and {Pourbaix, D.} and {Randich, S.} and {Sartoretti, P.} and {Siddiqui, H. I.} and {Soubiran, C.} and {van Leeuwen, F.} and {Walton, N. A.} and {Arenou, F.} and {Bastian, U.} and {Cropper, M.} and {Drimmel, R.} and {Katz, D.} and {Lattanzi, M. G.} and {Bakker, J.} and {Cacciari, C.} and {Casta\~neda, J.} and {Chaoul, L.} and {Cheek, N.} and {De Angeli, F.} and {Fabricius, C.} and {Guerra, R.} and {Holl, B.} and {Masana, E.} and {Messineo, R.} and {Mowlavi, N.} and {Nienartowicz, K.} and {Panuzzo, P.} and {Portell, J.} and {Riello, M.} and {Seabroke, G. M.} and {Tanga, P.} and {Th\'evenin, F.} and {Gracia-Abril, G.} and {Comoretto, G.} and {Garcia-Reinaldos, M.} and {Teyssier, D.} and {Altmann, M.} and {Andrae, R.} and {Audard, M.} and {Bellas-Velidis, I.} and {Benson, K.} and {Berthier, J.} and {Blomme, R.} and {Burgess, P.} and {Busso, G.} and {Carry, B.} and {Cellino, A.} and {Clementini, G.} and {Clotet, M.} and {Creevey, O.} and {Davidson, M.} and {De Ridder, J.} and {Delchambre, L.} and {Dell\'{}Oro, A.} and {Ducourant, C.} and {Fern\'andez-Hern\'andez, J.} and {Fouesneau, M.} and {Fr\'emat, Y.} and {Galluccio, L.} and {Garc\'{\i}a-Torres, M.} and {Gonz\'alez-N\'u\~nez, J.} and {Gonz\'alez-Vidal, J. J.} and {Gosset, E.} and {Guy, L. P.} and {Halbwachs, J.-L.} and {Hambly, N. C.} and {Harrison, D. L.} and {Hern\'andez, J.} and {Hestroffer, D.} and {Hodgkin, S. T.} and {Hutton, A.} and {Jasniewicz, G.} and {Jean-Antoine-Piccolo, A.} and {Jordan, S.} and {Korn, A. J.} and {Krone-Martins, A.} and {Lanzafame, A. C.} and {Lebzelter, T.} and {L\"offler, W.} and {Manteiga, M.} and {Marrese, P. M.} and {Mart\'{\i}n-Fleitas, J. M.} and {Moitinho, A.} and {Mora, A.} and {Muinonen, K.} and {Osinde, J.} and {Pancino, E.} and {Pauwels, T.} and {Petit, J.-M.} and {Recio-Blanco, A.} and {Richards, P. J.} and {Rimoldini, L.} and {Robin, A. C.} and {Sarro, L. M.} and {Siopis, C.} and {Smith, M.} and {Sozzetti, A.} and {S\"uveges, M.} and {Torra, J.} and {van Reeven, W.} and {Abbas, U.} and {Abreu Aramburu, A.} and {Accart, S.} and {Aerts, C.} and {Altavilla, G.} and {\'Alvarez, M. A.} and {Alvarez, R.} and {Alves, J.} and {Anderson, R. I.} and {Andrei, A. H.} and {Anglada Varela, E.} and {Antiche, E.} and {Antoja, T.} and {Arcay, B.} and {Astraatmadja, T. L.} and {Bach, N.} and {Baker, S. G.} and {Balaguer-N\'u\~nez, L.} and {Balm, P.} and {Barache, C.} and {Barata, C.} and {Barbato, D.} and {Barblan, F.} and {Barklem, P. S.} and {Barrado, D.} and {Barros, M.} and {Barstow, M. A.} and {Bartholom\'e Mu\~noz, S.} and {Bassilana, J.-L.} and {Becciani, U.} and {Bellazzini, M.} and {Berihuete, A.} and {Bertone, S.} and {Bianchi, L.} and {Bienaym\'e, O.} and {Blanco-Cuaresma, S.} and {Boch, T.} and {Boeche, C.} and {Bombrun, A.} and {Borrachero, R.} and {Bossini, D.} and {Bouquillon, S.} and {Bourda, G.} and {Bragaglia, A.} and {Bramante, L.} and {Breddels, M. A.} and {Bressan, A.} and {Brouillet, N.} and {Br\"usemeister, T.} and {Brugaletta, E.} and {Bucciarelli, B.} and {Burlacu, A.} and {Busonero, D.} and {Butkevich, A. G.} and {Buzzi, R.} and {Caffau, E.} and {Cancelliere, R.} and {Cannizzaro, G.} and {Cantat-Gaudin, T.} and {Carballo, R.} and {Carlucci, T.} and {Carrasco, J. M.} and {Casamiquela, L.} and {Castellani, M.} and {Castro-Ginard, A.} and {Charlot, P.} and {Chemin, L.} and {Chiavassa, A.} and {Cocozza, G.} and {Costigan, G.} and {Cowell, S.} and {Crifo, F.} and {Crosta, M.} and {Crowley, C.} and {Cuypers+, J.} and {Dafonte, C.} and {Damerdji, Y.} and {Dapergolas, A.} and {David, P.} and {David, M.} and {de Laverny, P.} and {De Luise, F.} and {De March, R.} and {de Martino, D.} and {de Souza, R.} and {de Torres, A.} and {Debosscher, J.} and {del Pozo, E.} and {Delbo, M.} and {Delgado, A.} and {Delgado, H. E.} and {Di Matteo, P.} and {Diakite, S.} and {Diener, C.} and {Distefano, E.} and {Dolding, C.} and {Drazinos, P.} and {Dur\'an, J.} and {Edvardsson, B.} and {Enke, H.} and {Eriksson, K.} and {Esquej, P.} and {Eynard Bontemps, G.} and {Fabre, C.} and {Fabrizio, M.} and {Faigler, S.} and {Falc\~ao, A. J.} and {Farr\`as Casas, M.} and {Federici, L.} and {Fedorets, G.} and {Fernique, P.} and {Figueras, F.} and {Filippi, F.} and {Findeisen, K.} and {Fonti, A.} and {Fraile, E.} and {Fraser, M.} and {Fr\'ezouls, B.} and {Gai, M.} and {Galleti, S.} and {Garabato, D.} and {Garc\'{\i}a-Sedano, F.} and {Garofalo, A.} and {Garralda, N.} and {Gavel, A.} and {Gavras, P.} and {Gerssen, J.} and {Geyer, R.} and {Giacobbe, P.} and {Gilmore, G.} and {Girona, S.} and {Giuffrida, G.} and {Glass, F.} and {Gomes, M.} and {Granvik, M.} and {Gueguen, A.} and {Guerrier, A.} and {Guiraud, J.} and {Guti\'errez-S\'anchez, R.} and {Haigron, R.} and {Hatzidimitriou, D.} and {Hauser, M.} and {Haywood, M.} and {Heiter, U.} and {Helmi, A.} and {Heu, J.} and {Hilger, T.} and {Hobbs, D.} and {Hofmann, W.} and {Holland, G.} and {Huckle, H. E.} and {Hypki, A.} and {Icardi, V.} and {Jan\ss{}en, K.} and {Jevardat de Fombelle, G.} and {Jonker, P. G.} and {Juh\'asz, \'A. L.} and {Julbe, F.} and {Karampelas, A.} and {Kewley, A.} and {Klar, J.} and {Kochoska, A.} and {Kohley, R.} and {Kolenberg, K.} and {Kontizas, M.} and {Kontizas, E.} and {Koposov, S. E.} and {Kordopatis, G.} and {Kostrzewa-Rutkowska, Z.} and {Koubsky, P.} and {Lambert, S.} and {Lanza, A. F.} and {Lasne, Y.} and {Lavigne, J.-B.} and {Le Fustec, Y.} and {Le Poncin-Lafitte, C.} and {Lebreton, Y.} and {Leccia, S.} and {Leclerc, N.} and {Lecoeur-Taibi, I.} and {Lenhardt, H.} and {Leroux, F.} and {Liao, S.} and {Licata, E.} and {Lindstr\o{}m, H. E. P.} and {Lister, T. A.} and {Livanou, E.} and {Lobel, A.} and {L\'opez, M.} and {Managau, S.} and {Mann, R. G.} and {Mantelet, G.} and {Marchal, O.} and {Marchant, J. M.} and {Marconi, M.} and {Marinoni, S.} and {Marschalk\'o, G.} and {Marshall, D. J.} and {Martino, M.} and {Marton, G.} and {Mary, N.} and {Massari, D.} and {Matijevic, G.} and {Mazeh, T.} and {McMillan, P. J.} and {Messina, S.} and {Michalik, D.} and {Millar, N. R.} and {Molina, D.} and {Molinaro, R.} and {Moln\'ar, L.} and {Montegriffo, P.} and {Mor, R.} and {Morbidelli, R.} and {Morel, T.} and {Morris, D.} and {Mulone, A. F.} and {Muraveva, T.} and {Musella, I.} and {Nelemans, G.} and {Nicastro, L.} and {Noval, L.} and {O\'{}Mullane, W.} and {Ord\'enovic, C.} and {Ord\'o\~nez-Blanco, D.} and {Osborne, P.} and {Pagani, C.} and {Pagano, I.} and {Pailler, F.} and {Palacin, H.} and {Palaversa, L.} and {Panahi, A.} and {Pawlak, M.} and {Piersimoni, A. M.} and {Pineau, F.-X.} and {Plachy, E.} and {Plum, G.} and {Poggio, E.} and {Poujoulet, E.} and {Prsa, A.} and {Pulone, L.} and {Racero, E.} and {Ragaini, S.} and {Rambaux, N.} and {Ramos-Lerate, M.} and {Regibo, S.} and {Reyl\'e, C.} and {Riclet, F.} and {Ripepi, V.} and {Riva, A.} and {Rivard, A.} and {Rixon, G.} and {Roegiers, T.} and {Roelens, M.} and {Romero-G\'omez, M.} and {Rowell, N.} and {Royer, F.} and {Ruiz-Dern, L.} and {Sadowski, G.} and {Sagrist\`a Sell\'es, T.} and {Sahlmann, J.} and {Salgado, J.} and {Salguero, E.} and {Sanna, N.} and {Santana-Ros, T.} and {Sarasso, M.} and {Savietto, H.} and {Schultheis, M.} and {Sciacca, E.} and {Segol, M.} and {Segovia, J. C.} and {S\'egransan, D.} and {Shih, I-C.} and {Siltala, L.} and {Silva, A. F.} and {Smart, R. L.} and {Smith, K. W.} and {Solano, E.} and {Solitro, F.} and {Sordo, R.} and {Soria Nieto, S.} and {Souchay, J.} and {Spagna, A.} and {Spoto, F.} and {Stampa, U.} and {Steele, I. A.} and {Steidelm\"uller, H.} and {Stephenson, C. A.} and {Stoev, H.} and {Suess, F. F.} and {Surdej, J.} and {Szabados, L.} and {Szegedi-Elek, E.} and {Tapiador, D.} and {Taris, F.} and {Tauran, G.} and {Taylor, M. B.} and {Teixeira, R.} and {Terrett, D.} and {Teyssandier, P.} and {Thuillot, W.} and {Titarenko, A.} and {Torra Clotet, F.} and {Turon, C.} and {Ulla, A.} and {Utrilla, E.} and {Uzzi, S.} and {Vaillant, M.} and {Valentini, G.} and {Valette, V.} and {van Elteren, A.} and {Van Hemelryck, E.} and {van Leeuwen, M.} and {Vaschetto, M.} and {Vecchiato, A.} and {Veljanoski, J.} and {Viala, Y.} and {Vicente, D.} and {Vogt, S.} and {von Essen, C.} and {Voss, H.} and {Votruba, V.} and {Voutsinas, S.} and {Walmsley, G.} and {Weiler, M.} and {Wertz, O.} and {Wevers, T.} and {Wyrzykowski, L.} and {Yoldas, A.} and {Zerjal, M.} and {Ziaeepour, H.} and {Zorec, J.} and {Zschocke, S.} and {Zucker, S.} and {Zurbach, C.} and {Zwitter, T.}},
	title = {Gaia Data Release 2 - Summary of the contents and survey properties},
	DOI= "10.1051/0004-6361/201833051",
	url= "https://doi.org/10.1051/0004-6361/201833051",
	journal = {A\&A},
	year = 2018,
	volume = 616,
	pages = "A1",
}

@ARTICLE{2021ApJ...911..149L,
       author = {{Li}, Ting S. and {Koposov}, Sergey E. and {Erkal}, Denis and {Ji}, Alexander P. and {Shipp}, Nora and {Pace}, Andrew B. and {Hilmi}, Tariq and {Kuehn}, Kyler and {Lewis}, Geraint F. and {Mackey}, Dougal and {Simpson}, Jeffrey D. and {Wan}, Zhen and {Zucker}, Daniel B. and {Bland-Hawthorn}, Joss and {Cullinane}, Lara R. and {Da Costa}, Gary S. and {Drlica-Wagner}, Alex and {Hattori}, Kohei and {Martell}, Sarah L. and {Sharma}, Sanjib and {S5 Collaboration}},
        title = "{Broken into Pieces: ATLAS and Aliqa Uma as One Single Stream}",
      journal = {\apj},
     keywords = {Tidal disruption, Stellar kinematics, Stellar motion, Stellar associations, Metallicity, Stellar abundances, Dark matter, Milky Way dark matter halo, Stellar streams, Milky Way dynamics, 1696, 1608, 1615, 1582, 1031, 1577, 353, 1049, 2166, 1051, Astrophysics - Astrophysics of Galaxies},
         year = 2021,
        month = apr,
       volume = {911},
       number = {2},
          eid = {149},
        pages = {149},
          doi = {10.3847/1538-4357/abeb18},
archivePrefix = {arXiv},
       eprint = {2006.10763},
 primaryClass = {astro-ph.GA},
       adsurl = {https://ui.adsabs.harvard.edu/abs/2021ApJ...911..149L},
      adsnote = {Provided by the SAO/NASA Astrophysics Data System}
}

@article{Shipp_2019,
doi = {10.3847/1538-4357/ab44bf},
url = {https://dx.doi.org/10.3847/1538-4357/ab44bf},
year = {2019},
month = {oct},
publisher = {The American Astronomical Society},
volume = {885},
number = {1},
pages = {3},
author = {N. Shipp and T. S. Li and A. B. Pace and D. Erkal and A. Drlica-Wagner and B. Yanny and V. Belokurov and W. Wester and S. E. Koposov and K. Kuehn and G. F. Lewis and J. D. Simpson and Z. Wan and D. B. Zucker and S. L. Martell and M. Y. Wang and (S5 Collaboration)},
title = {Proper Motions of Stellar Streams Discovered in the Dark Energy Survey},
journal = {The Astrophysical Journal},
abstract = {We cross-match high-precision astrometric data from Gaia DR2 with accurate multiband photometry from the Dark Energy Survey (DES) DR1 to confidently measure proper motions for nine stellar streams in the DES footprint: Aliqa Uma, ATLAS, Chenab, Elqui, Indus, Jhelum, Phoenix, Tucana III, and Turranburra. We determine low-confidence proper-motion measurements for four additional stellar streams: Ravi, Wambelong, Willka Yaku, and Turbio. We find evidence for a misalignment between stream tracks and the systemic proper motion of streams that may suggest a systematic gravitational influence from the Large Magellanic Cloud (LMC). These proper motions, when combined with radial velocity measurements, will allow for detailed orbit modeling that can be used to constrain properties of the LMC and its effect on nearby streams, as well as global properties of the Milky Way’s gravitational potential.}
}

@misc{Price-Whelan_2023, title={Convert a radial velocity to the Galactic Standard Of Rest (GSR)}, url={https://docs.astropy.org/en/stable/generated/examples/coordinates/rv-to-gsr.html}, journal={Convert a radial velocity to the Galactic Standard of Rest (GSR) - Astropy v5.2.3.dev0+g32d49b960.d20230411}, publisher={BSD}, author={Price-Whelan, Adrian}, year={2023}, month={Apr}} 

@Article{         harris2020array,
 title         = {Array programming with {NumPy}},
 author        = {Charles R. Harris and K. Jarrod Millman and St{\'{e}}fan J.
                 van der Walt and Ralf Gommers and Pauli Virtanen and David
                 Cournapeau and Eric Wieser and Julian Taylor and Sebastian
                 Berg and Nathaniel J. Smith and Robert Kern and Matti Picus
                 and Stephan Hoyer and Marten H. van Kerkwijk and Matthew
                 Brett and Allan Haldane and Jaime Fern{\'{a}}ndez del
                 R{\'{i}}o and Mark Wiebe and Pearu Peterson and Pierre
                 G{\'{e}}rard-Marchant and Kevin Sheppard and Tyler Reddy and
                 Warren Weckesser and Hameer Abbasi and Christoph Gohlke and
                 Travis E. Oliphant},
 year          = {2020},
 month         = sep,
 journal       = {Nature},
 volume        = {585},
 number        = {7825},
 pages         = {357--362},
 doi           = {10.1038/s41586-020-2649-2},
 publisher     = {Springer Science and Business Media {LLC}},
 url           = {https://doi.org/10.1038/s41586-020-2649-2}
}

@Article{Hunter:2007,
  Author    = {Hunter, J. D.},
  Title     = {Matplotlib: A 2D graphics environment},
  Journal   = {Computing In Science \& Engineering},
  Volume    = {9},
  Number    = {3},
  Pages     = {90--95},
  abstract  = {Matplotlib is a 2D graphics package used for Python
  for application development, interactive scripting, and
  publication-quality image generation across user
  interfaces and operating systems.},
  publisher = {IEEE COMPUTER SOC},
  year      = 2007
}

@ARTICLE{2022ApJ...935..167A,
       author = {{Astropy Collaboration} and {Price-Whelan}, Adrian M. and {Lim}, Pey Lian and {Earl}, Nicholas and {Starkman}, Nathaniel and {Bradley}, Larry and {Shupe}, David L. and {Patil}, Aarya A. and {Corrales}, Lia and {Brasseur}, C.~E. and {N{\"o}the}, Maximilian and {Donath}, Axel and {Tollerud}, Erik and {Morris}, Brett M. and {Ginsburg}, Adam and {Vaher}, Eero and {Weaver}, Benjamin A. and {Tocknell}, James and {Jamieson}, William and {van Kerkwijk}, Marten H. and {Robitaille}, Thomas P. and {Merry}, Bruce and {Bachetti}, Matteo and {G{\"u}nther}, H. Moritz and {Aldcroft}, Thomas L. and {Alvarado-Montes}, Jaime A. and {Archibald}, Anne M. and {B{\'o}di}, Attila and {Bapat}, Shreyas and {Barentsen}, Geert and {Baz{\'a}n}, Juanjo and {Biswas}, Manish and {Boquien}, M{\'e}d{\'e}ric and {Burke}, D.~J. and {Cara}, Daria and {Cara}, Mihai and {Conroy}, Kyle E. and {Conseil}, Simon and {Craig}, Matthew W. and {Cross}, Robert M. and {Cruz}, Kelle L. and {D'Eugenio}, Francesco and {Dencheva}, Nadia and {Devillepoix}, Hadrien A.~R. and {Dietrich}, J{\"o}rg P. and {Eigenbrot}, Arthur Davis and {Erben}, Thomas and {Ferreira}, Leonardo and {Foreman-Mackey}, Daniel and {Fox}, Ryan and {Freij}, Nabil and {Garg}, Suyog and {Geda}, Robel and {Glattly}, Lauren and {Gondhalekar}, Yash and {Gordon}, Karl D. and {Grant}, David and {Greenfield}, Perry and {Groener}, Austen M. and {Guest}, Steve and {Gurovich}, Sebastian and {Handberg}, Rasmus and {Hart}, Akeem and {Hatfield-Dodds}, Zac and {Homeier}, Derek and {Hosseinzadeh}, Griffin and {Jenness}, Tim and {Jones}, Craig K. and {Joseph}, Prajwel and {Kalmbach}, J. Bryce and {Karamehmetoglu}, Emir and {Ka{\l}uszy{\'n}ski}, Miko{\l}aj and {Kelley}, Michael S.~P. and {Kern}, Nicholas and {Kerzendorf}, Wolfgang E. and {Koch}, Eric W. and {Kulumani}, Shankar and {Lee}, Antony and {Ly}, Chun and {Ma}, Zhiyuan and {MacBride}, Conor and {Maljaars}, Jakob M. and {Muna}, Demitri and {Murphy}, N.~A. and {Norman}, Henrik and {O'Steen}, Richard and {Oman}, Kyle A. and {Pacifici}, Camilla and {Pascual}, Sergio and {Pascual-Granado}, J. and {Patil}, Rohit R. and {Perren}, Gabriel I. and {Pickering}, Timothy E. and {Rastogi}, Tanuj and {Roulston}, Benjamin R. and {Ryan}, Daniel F. and {Rykoff}, Eli S. and {Sabater}, Jose and {Sakurikar}, Parikshit and {Salgado}, Jes{\'u}s and {Sanghi}, Aniket and {Saunders}, Nicholas and {Savchenko}, Volodymyr and {Schwardt}, Ludwig and {Seifert-Eckert}, Michael and {Shih}, Albert Y. and {Jain}, Anany Shrey and {Shukla}, Gyanendra and {Sick}, Jonathan and {Simpson}, Chris and {Singanamalla}, Sudheesh and {Singer}, Leo P. and {Singhal}, Jaladh and {Sinha}, Manodeep and {Sip{\H{o}}cz}, Brigitta M. and {Spitler}, Lee R. and {Stansby}, David and {Streicher}, Ole and {{\v{S}}umak}, Jani and {Swinbank}, John D. and {Taranu}, Dan S. and {Tewary}, Nikita and {Tremblay}, Grant R. and {de Val-Borro}, Miguel and {Van Kooten}, Samuel J. and {Vasovi{\'c}}, Zlatan and {Verma}, Shresth and {de Miranda Cardoso}, Jos{\'e} Vin{\'\i}cius and {Williams}, Peter K.~G. and {Wilson}, Tom J. and {Winkel}, Benjamin and {Wood-Vasey}, W.~M. and {Xue}, Rui and {Yoachim}, Peter and {Zhang}, Chen and {Zonca}, Andrea and {Astropy Project Contributors}},
        title = "{The Astropy Project: Sustaining and Growing a Community-oriented Open-source Project and the Latest Major Release (v5.0) of the Core Package}",
      journal = {\apj},
     keywords = {Astronomy software, Open source software, Astronomy data analysis, 1855, 1866, 1858, Astrophysics - Instrumentation and Methods for Astrophysics},
         year = 2022,
        month = aug,
       volume = {935},
       number = {2},
          eid = {167},
        pages = {167},
          doi = {10.3847/1538-4357/ac7c74},
archivePrefix = {arXiv},
       eprint = {2206.14220},
 primaryClass = {astro-ph.IM},
       adsurl = {https://ui.adsabs.harvard.edu/abs/2022ApJ...935..167A},
      adsnote = {Provided by the SAO/NASA Astrophysics Data System}
}

@article{Foreman_Mackey_2013,
	doi = {10.1086/670067},
  
	url = {https://doi.org/10.1086%2F670067},
  
	year = 2013,
	month = {mar},
  
	publisher = {{IOP} Publishing},
  
	volume = {125},
  
	number = {925},
  
	pages = {306--312},
  
	author = {Daniel Foreman-Mackey and David W. Hogg and Dustin Lang and Jonathan Goodman},
  
	title = {$\less$tt$\greater$emcee$\less$/tt$\greater$: The {MCMC} Hammer},
  
	journal = {Publications of the Astronomical Society of the Pacific}
}

@software{dan_foreman_mackey_2023_7808805,
  author       = {Dan Foreman-Mackey and
                  Adrian Price-Whelan and
                  Will Vousden and
                  Geoffrey Ryan and
                  Matt Pitkin and
                  Víctor Zabalza and
                  jsheyl and
                  Arfon Smith and
                  Gregory Ashton and
                  Leo Singer and
                  Michael Smith and
                  Emily Rice and
                  Adrien Deline and
                  Alex Nitz and
                  Brendon J. Brewer and
                  Brigitta Sipőcz and
                  David W. Hogg and
                  Eric Gentry and
                  Hanno Rein and
                  Hennadii Madan and
                  Ian Czekala and
                  NeutralKaon and
                  James Matthews and
                  James Tocknell and
                  Kyle Barbary and
                  Marlon and
                  Remy Prechelt and
                  Sebastian M. Castillo Hair and
                  Stephan Hoyer},
  title        = {dfm/corner.py: corner v2.2.2rc3},
  month        = apr,
  year         = 2023,
  publisher    = {Zenodo},
  version      = {v2.2.2rc3},
  doi          = {10.5281/zenodo.7808805},
  url          = {https://doi.org/10.5281/zenodo.7808805}
}

@ARTICLE{2020SciPy-NMeth,
  author  = {Virtanen, Pauli and Gommers, Ralf and Oliphant, Travis E. and
            Haberland, Matt and Reddy, Tyler and Cournapeau, David and
            Burovski, Evgeni and Peterson, Pearu and Weckesser, Warren and
            Bright, Jonathan and {van der Walt}, St{\'e}fan J. and
            Brett, Matthew and Wilson, Joshua and Millman, K. Jarrod and
            Mayorov, Nikolay and Nelson, Andrew R. J. and Jones, Eric and
            Kern, Robert and Larson, Eric and Carey, C J and
            Polat, {\.I}lhan and Feng, Yu and Moore, Eric W. and
            {VanderPlas}, Jake and Laxalde, Denis and Perktold, Josef and
            Cimrman, Robert and Henriksen, Ian and Quintero, E. A. and
            Harris, Charles R. and Archibald, Anne M. and
            Ribeiro, Ant{\^o}nio H. and Pedregosa, Fabian and
            {van Mulbregt}, Paul and {SciPy 1.0 Contributors}},
  title   = {{{SciPy} 1.0: Fundamental Algorithms for Scientific
            Computing in Python}},
  journal = {Nature Methods},
  year    = {2020},
  volume  = {17},
  pages   = {261--272},
  adsurl  = {https://rdcu.be/b08Wh},
  doi     = {10.1038/s41592-019-0686-2},
}